<record><leader>00000cas a22000007a 4500</leader><controlfield tag="001">13070127</controlfield><controlfield tag="008">860127d19171918mtudn ne      0    0eng d</controlfield><datafield ind1=" " ind2=" " tag="010"><subfield code="a">sn 86075024 </subfield></datafield><datafield ind1=" " ind2=" " tag="040"><subfield code="a">MTL</subfield><subfield code="b">eng</subfield><subfield code="c">MTL</subfield><subfield code="d">OCLCQ</subfield></datafield><datafield ind1=" " ind2=" " tag="042"><subfield code="a">msc</subfield></datafield><datafield ind1="0" ind2=" " tag="130"><subfield code="a">Daily Yellowstone journal (Miles City, Mont. : 1917)</subfield></datafield><datafield ind1="1" ind2="0" tag="245"><subfield code="a">Daily Yellowstone journal.</subfield></datafield><datafield ind1=" " ind2=" " tag="260"><subfield code="a">Miles City, Mont. :</subfield><subfield code="b">American Print. Co.,</subfield><subfield code="c">1917-1918.</subfield></datafield><datafield ind1=" " ind2=" " tag="300"><subfield code="a">1 v. :</subfield><subfield code="b">ill. ;</subfield><subfield code="c">54 cm.</subfield></datafield><datafield ind1=" " ind2=" " tag="310"><subfield code="a">Daily (except Sun.)</subfield></datafield><datafield ind1="0" ind2=" " tag="362"><subfield code="a">Whole no. 8480 (Aug. 1, 1917)-whole no. 3622 (Jan. 15, 1918).</subfield></datafield><datafield ind1=" " ind2=" " tag="752"><subfield code="a">United States</subfield><subfield code="b">Montana</subfield><subfield code="c">Custer</subfield><subfield code="d">Miles City.</subfield></datafield><datafield ind1="0" ind2=" " tag="775"><subfield code="t">Miles City American and stockgrowers journal</subfield><subfield code="w">(DLC)sn 86075012</subfield></datafield><datafield ind1="0" ind2="0" tag="780"><subfield code="t">Miles City daily journal</subfield><subfield code="w">(DLC)sn 86075023</subfield></datafield></record>